[
    {
        "e": "trade",
        "E": 1635633286602,
        "s": "BTCUSDT",
        "t": 1122439251,
        "p": "61287.75000000",
        "q": "0.00528000",
        "b": 8105364777,
        "a": 8105364740,
        "T": 1635633286602,
        "m": false,
        "M": true
    },
    {
        "e": "trade",
        "E": 1635633286607,
        "s": "BTCUSDT",
        "t": 1122439252,
        "p": "61287.74000000",
        "q": "0.16042000",
        "b": 8105364723,
        "a": 8105364778,
        "T": 1635633286606,
        "m": true,
        "M": true
    },
    {
        "e": "trade",
        "E": 1635633286632,
        "s": "BTCUSDT",
        "t": 1122439253,
        "p": "61287.74000000",
        "q": "0.00426000",
        "b": 8105364723,
        "a": 8105364787,
        "T": 1635633286631,
        "m": true,
        "M": true
    },
    {
        "e": "trade",
        "E": 1635633286647,
        "s": "BTCUSDT",
        "t": 1122439254,
        "p": "61287.74000000",
        "q": "0.00073000",
        "b": 8105364723,
        "a": 8105364788,
        "T": 1635633286646,
        "m": true,
        "M": true
    },
    {
        "e": "trade",
        "E": 1635633286670,
        "s": "BTCUSDT",
        "t": 1122439255,
        "p": "61287.74000000",
        "q": "0.02000000",
        "b": 8105364723,
        "a": 8105364790,
        "T": 1635633286670,
        "m": true,
        "M": true
    },
    {
        "e": "trade",
        "E": 1635633286673,
        "s": "BTCUSDT",
        "t": 1122439256,
        "p": "61287.74000000",
        "q": "0.00314000",
        "b": 8105364723,
        "a": 8105364791,
        "T": 1635633286672,
        "m": true,
        "M": true
    },
    {
        "e": "trade",
        "E": 1635633286781,
        "s": "BTCUSDT",
        "t": 1122439257,
        "p": "61287.75000000",
        "q": "0.00287000",
        "b": 8105364799,
        "a": 8105364740,
        "T": 1635633286780,
        "m": false,
        "M": true
    },
    {
        "e": "trade",
        "E": 1635633286810,
        "s": "BTCUSDT",
        "t": 1122439258,
        "p": "61287.74000000",
        "q": "0.00065000",
        "b": 8105364723,
        "a": 8105364800,
        "T": 1635633286809,
        "m": true,
        "M": true
    },
    {
        "e": "trade",
        "E": 1635633286823,
        "s": "BTCUSDT",
        "t": 1122439259,
        "p": "61287.74000000",
        "q": "0.05273000",
        "b": 8105364723,
        "a": 8105364801,
        "T": 1635633286822,
        "m": true,
        "M": true
    },
    {
        "e": "trade",
        "E": 1635633286823,
        "s": "BTCUSDT",
        "t": 1122439260,
        "p": "61287.74000000",
        "q": "0.14610000",
        "b": 8105364724,
        "a": 8105364801,
        "T": 1635633286822,
        "m": true,
        "M": true
    },
    {
        "e": "trade",
        "E": 1635633287002,
        "s": "BTCUSDT",
        "t": 1122439261,
        "p": "61287.75000000",
        "q": "0.00032000",
        "b": 8105364816,
        "a": 8105364740,
        "T": 1635633287001,
        "m": false,
        "M": true
    },
    {
        "e": "trade",
        "E": 1635633287055,
        "s": "BTCUSDT",
        "t": 1122439262,
        "p": "61287.75000000",
        "q": "0.00032000",
        "b": 8105364827,
        "a": 8105364740,
        "T": 1635633287054,
        "m": false,
        "M": true
    },
    {
        "e": "trade",
        "E": 1635633287104,
        "s": "BTCUSDT",
        "t": 1122439263,
        "p": "61287.75000000",
        "q": "0.00433000",
        "b": 8105364846,
        "a": 8105364740,
        "T": 1635633287103,
        "m": false,
        "M": true
    },
    {
        "e": "trade",
        "E": 1635633287191,
        "s": "BTCUSDT",
        "t": 1122439264,
        "p": "61287.74000000",
        "q": "0.01600000",
        "b": 8105364724,
        "a": 8105364871,
        "T": 1635633287191,
        "m": true,
        "M": true
    },
    {
        "e": "trade",
        "E": 1635633287256,
        "s": "BTCUSDT",
        "t": 1122439265,
        "p": "61287.74000000",
        "q": "0.00087000",
        "b": 8105364724,
        "a": 8105364876,
        "T": 1635633287256,
        "m": true,
        "M": true
    },
    {
        "e": "trade",
        "E": 1635633287274,
        "s": "BTCUSDT",
        "t": 1122439266,
        "p": "61287.75000000",
        "q": "0.00024000",
        "b": 8105364880,
        "a": 8105364740,
        "T": 1635633287274,
        "m": false,
        "M": true
    },
    {
        "e": "trade",
        "E": 1635633287309,
        "s": "BTCUSDT",
        "t": 1122439267,
        "p": "61287.74000000",
        "q": "0.00036000",
        "b": 8105364724,
        "a": 8105364883,
        "T": 1635633287309,
        "m": true,
        "M": true
    },
    {
        "e": "trade",
        "E": 1635633287455,
        "s": "BTCUSDT",
        "t": 1122439268,
        "p": "61287.74000000",
        "q": "0.00385000",
        "b": 8105364724,
        "a": 8105364892,
        "T": 1635633287454,
        "m": true,
        "M": true
    },
    {
        "e": "trade",
        "E": 1635633287465,
        "s": "BTCUSDT",
        "t": 1122439269,
        "p": "61287.75000000",
        "q": "0.00519000",
        "b": 8105364893,
        "a": 8105364740,
        "T": 1635633287464,
        "m": false,
        "M": true
    },
    {
        "e": "trade",
        "E": 1635633287477,
        "s": "BTCUSDT",
        "t": 1122439270,
        "p": "61287.74000000",
        "q": "0.00348000",
        "b": 8105364724,
        "a": 8105364894,
        "T": 1635633287477,
        "m": true,
        "M": true
    },
    {
        "e": "trade",
        "E": 1635633287517,
        "s": "BTCUSDT",
        "t": 1122439271,
        "p": "61287.75000000",
        "q": "0.15031000",
        "b": 8105364898,
        "a": 8105364740,
        "T": 1635633287516,
        "m": false,
        "M": true
    },
    {
        "e": "trade",
        "E": 1635633287517,
        "s": "BTCUSDT",
        "t": 1122439272,
        "p": "61287.75000000",
        "q": "0.03862000",
        "b": 8105364898,
        "a": 8105364742,
        "T": 1635633287516,
        "m": false,
        "M": true
    },
    {
        "e": "trade",
        "E": 1635633287517,
        "s": "BTCUSDT",
        "t": 1122439273,
        "p": "61287.75000000",
        "q": "0.04330000",
        "b": 8105364898,
        "a": 8105364767,
        "T": 1635633287516,
        "m": false,
        "M": true
    },
    {
        "e": "trade",
        "E": 1635633287517,
        "s": "BTCUSDT",
        "t": 1122439274,
        "p": "61287.75000000",
        "q": "0.15099000",
        "b": 8105364898,
        "a": 8105364785,
        "T": 1635633287516,
        "m": false,
        "M": true
    },
    {
        "e": "trade",
        "E": 1635633287517,
        "s": "BTCUSDT",
        "t": 1122439275,
        "p": "61287.75000000",
        "q": "0.03923000",
        "b": 8105364898,
        "a": 8105364811,
        "T": 1635633287516,
        "m": false,
        "M": true
    },
    {
        "e": "trade",
        "E": 1635633287517,
        "s": "BTCUSDT",
        "t": 1122439276,
        "p": "61287.75000000",
        "q": "0.00245000",
        "b": 8105364898,
        "a": 8105364815,
        "T": 1635633287516,
        "m": false,
        "M": true
    },
    {
        "e": "trade",
        "E": 1635633287517,
        "s": "BTCUSDT",
        "t": 1122439277,
        "p": "61287.75000000",
        "q": "0.04178000",
        "b": 8105364898,
        "a": 8105364835,
        "T": 1635633287516,
        "m": false,
        "M": true
    },
    {
        "e": "trade",
        "E": 1635633287517,
        "s": "BTCUSDT",
        "t": 1122439278,
        "p": "61287.75000000",
        "q": "0.04619000",
        "b": 8105364898,
        "a": 8105364872,
        "T": 1635633287516,
        "m": false,
        "M": true
    },
    {
        "e": "trade",
        "E": 1635633287533,
        "s": "BTCUSDT",
        "t": 1122439279,
        "p": "61287.74000000",
        "q": "0.00162000",
        "b": 8105364724,
        "a": 8105364902,
        "T": 1635633287532,
        "m": true,
        "M": true
    },
    {
        "e": "trade",
        "E": 1635633287657,
        "s": "BTCUSDT",
        "t": 1122439280,
        "p": "61287.75000000",
        "q": "0.00538000",
        "b": 8105364918,
        "a": 8105364890,
        "T": 1635633287657,
        "m": false,
        "M": true
    },
    {
        "e": "trade",
        "E": 1635633287681,
        "s": "BTCUSDT",
        "t": 1122439281,
        "p": "61287.74000000",
        "q": "0.01128000",
        "b": 8105364724,
        "a": 8105364920,
        "T": 1635633287680,
        "m": true,
        "M": true
    },
    {
        "e": "trade",
        "E": 1635633287700,
        "s": "BTCUSDT",
        "t": 1122439282,
        "p": "61287.75000000",
        "q": "0.03106000",
        "b": 8105364924,
        "a": 8105364890,
        "T": 1635633287699,
        "m": false,
        "M": true
    },
    {
        "e": "trade",
        "E": 1635633287700,
        "s": "BTCUSDT",
        "t": 1122439283,
        "p": "61287.75000000",
        "q": "0.02158000",
        "b": 8105364924,
        "a": 8105364891,
        "T": 1635633287699,
        "m": false,
        "M": true
    },
    {
        "e": "trade",
        "E": 1635633287721,
        "s": "BTCUSDT",
        "t": 1122439284,
        "p": "61287.74000000",
        "q": "0.00822000",
        "b": 8105364724,
        "a": 8105364925,
        "T": 1635633287721,
        "m": true,
        "M": true
    },
    {
        "e": "trade",
        "E": 1635633287729,
        "s": "BTCUSDT",
        "t": 1122439285,
        "p": "61287.74000000",
        "q": "0.00929000",
        "b": 8105364724,
        "a": 8105364926,
        "T": 1635633287728,
        "m": true,
        "M": true
    },
    {
        "e": "trade",
        "E": 1635633287758,
        "s": "BTCUSDT",
        "t": 1122439286,
        "p": "61287.75000000",
        "q": "0.01398000",
        "b": 8105364927,
        "a": 8105364891,
        "T": 1635633287758,
        "m": false,
        "M": true
    },
    {
        "e": "trade",
        "E": 1635633287758,
        "s": "BTCUSDT",
        "t": 1122439287,
        "p": "61287.75000000",
        "q": "0.00833000",
        "b": 8105364927,
        "a": 8105364917,
        "T": 1635633287758,
        "m": false,
        "M": true
    },
    {
        "e": "trade",
        "E": 1635633287803,
        "s": "BTCUSDT",
        "t": 1122439288,
        "p": "61287.75000000",
        "q": "0.00588000",
        "b": 8105364930,
        "a": 8105364917,
        "T": 1635633287803,
        "m": false,
        "M": true
    },
    {
        "e": "trade",
        "E": 1635633287857,
        "s": "BTCUSDT",
        "t": 1122439289,
        "p": "61287.75000000",
        "q": "0.00588000",
        "b": 8105364933,
        "a": 8105364917,
        "T": 1635633287856,
        "m": false,
        "M": true
    },
    {
        "e": "trade",
        "E": 1635633288059,
        "s": "BTCUSDT",
        "t": 1122439290,
        "p": "61287.75000000",
        "q": "0.00162000",
        "b": 8105364959,
        "a": 8105364917,
        "T": 1635633288058,
        "m": false,
        "M": true
    }
]